@inbook{Qiskit-Textbook,
  author          = {Abraham Asfaw and Luciano Bello and Yael Ben-Haim and
                  Sergey Bravyi and Lauren Capelluto and Almudena Carrera
                  Vazquez and Jack Ceroni and Richard Chen and Albert Frisch and
                  Jay Gambetta and Shelly Garion and Leron Gil and Salvador De
                  La Puente Gonzalez and Francis Harkins and Takashi Imamichi
                  and David McKay and Antonio Mezzacapo and Zlatko Minev and
                  Ramis Movassagh and Giacomo Nannicni and Paul Nation and Anna
                  Phan and Marco Pistoia and Arthur Rattew and Joachim Schaefer
                  and Javad Shabani and John Smolin and Kristan Temme and
                  Madeleine Tod and Stephen Wood and James Wootton},
  booktitle       = {Learn Quantum Computation Using Qiskit},
  title           = {Quantum Phase Estimation},
  year            = 2020,
  url             =
                  {https://qiskit.org/textbook/ch-algorithms/quantum-phase-estimation.html},
}
@article{seeley,
   title={The Bravyi-Kitaev transformation for quantum computation of electronic structure},
   volume={137},
   ISSN={1089-7690},
   url={http://dx.doi.org/10.1063/1.4768229},
   DOI={10.1063/1.4768229},
   number={22},
   journal={The Journal of Chemical Physics},
   publisher={AIP Publishing},
   author={Seeley, Jacob T. and Richard, Martin J. and Love, Peter J.},
   year={2012},
   month={Dec},
   pages={224109}
}

@article{poulin,
   title={Quantum Algorithm for Spectral Measurement with a Lower Gate Count},
   volume={121},
   ISSN={1079-7114},
   url={http://dx.doi.org/10.1103/PhysRevLett.121.010501},
   DOI={10.1103/physrevlett.121.010501},
   number={1},
   journal={Physical Review Letters},
   publisher={American Physical Society (APS)},
   author={Poulin, David and Kitaev, Alexei and Steiger, Damian S. and Hastings, Matthew B. and Troyer, Matthias},
   year={2018},
   month={Jul}
}

@book{nielsen,
author = {Nielsen, Michael A. and Chuang, Isaac L.},
title = {Quantum Computation and Quantum Information: 10th Anniversary Edition},
year = {2011},
isbn = {1107002176},
publisher = {Cambridge University Press},
address = {USA},
edition = {10th}
}
